<?xml version="1.0" encoding="UTF-8"?><collection xmlns="http://www.loc.gov/MARC21/slim"><record><leader>00566nam--2200193-u-4500</leader><controlfield tag="001">000054249</controlfield><controlfield tag="002">20161230</controlfield><controlfield tag="005">20161230201051</controlfield><controlfield tag="008">110920s1000------------r-----000-0-ger-d</controlfield><datafield ind1=" " ind2=" " tag="040"><subfield code="a">IFIN-HH</subfield></datafield><datafield ind1=" " ind2=" " tag="041"><subfield code="a">ger</subfield></datafield><datafield ind1=" " ind2=" " tag="080"><subfield code="a">537.84</subfield></datafield><datafield ind1="1" ind2=" " tag="100"><subfield code="a">Steenbeck, Max</subfield></datafield><datafield ind1="1" ind2="0" tag="245"><subfield code="a">Probleme und ergebnisse der elektro- und magnetohydrodynamik</subfield><subfield code="c">Max steenbeck</subfield></datafield><datafield ind1=" " ind2=" " tag="260"><subfield code="a">Berlin</subfield><subfield code="b">Akademie-verlag</subfield><subfield code="c">1961</subfield></datafield><datafield ind1=" " ind2=" " tag="300"><subfield code="a">27P</subfield></datafield><datafield ind1=" " ind2=" " tag="490"><subfield code="a">Deutsche Akademie Der Wissenschaften Zu Berlin Vortrage Und Schriften Heft 73</subfield></datafield><datafield ind1=" " ind2=" " tag="852"><subfield code="a">77003</subfield><subfield code="c">538.4</subfield></datafield><datafield ind1=" " ind2=" " tag="CAT"><subfield code="a">Sys</subfield><subfield code="c">20110920</subfield><subfield code="h">152741</subfield></datafield></record></collection>